<?xml version="1.0" encoding="UTF-8"?><collection xmlns="http://www.loc.gov/MARC21/slim"><record><leader>00556nam--2200169-i-4500</leader><controlfield tag="001">000047468</controlfield><controlfield tag="002">20161230</controlfield><controlfield tag="005">20161230201046</controlfield><controlfield tag="008">060222s1000------------r-----000-0-eng-d</controlfield><datafield ind1=" " ind2=" " tag="040"><subfield code="a">IFIN-HH</subfield></datafield><datafield ind1=" " ind2=" " tag="080"><subfield code="a">53.081:537.531:535.42</subfield></datafield><datafield ind1="1" ind2=" " tag="100"><subfield code="a">Werner, Per-erik</subfield></datafield><datafield ind1="1" ind2="0" tag="245"><subfield code="a">Studies on collection and treatment of x-ray diffraction data</subfield><subfield code="b">Applications on the analyses of crystal structures in particular flavin derivatives</subfield><subfield code="c">Per-erik werner</subfield></datafield><datafield ind1=" " ind2=" " tag="260"><subfield code="a">Stockholm</subfield><subfield code="b">University</subfield><subfield code="c">1971</subfield></datafield><datafield ind1=" " ind2=" " tag="300"><subfield code="a">36P</subfield></datafield><datafield ind1=" " ind2=" " tag="852"><subfield code="a">9381</subfield><subfield code="c">537.531</subfield></datafield><datafield ind1=" " ind2=" " tag="CAT"><subfield code="a">Sys</subfield><subfield code="c">20110808</subfield><subfield code="h">091305</subfield></datafield></record></collection>